@article{vitt1977computer,
  title={A computer program for printing herbarium labels},
  author={Vitt, Dale H and Horton, Diana G and Johnston, Peter},
  journal={Taxon},
  volume={26},
  number={4},
  pages={425--428},
  year={1977},
  publisher={Wiley Online Library}
}

@software{irisbg2024,
  title = {IrisBG - Botanical Garden Collection Management Software},
  year = {2024},
  version = {4.5.6.24111},
  note = {[Software]},
  url = {https://www.irisbg.com}
}

@software{brahms2025,
  title = {BRAHMS - Botanical Research and Herbarium Management System},
  year = {2025},
  version = {v8.7.0.15674},
  note = {[Software]},
  url = {https://herbaria.plants.ox.ac.uk/bol/brahms}
}

@misc{elysia2019,
  author = {Francisco Pando and C. Lujano and Katia Cezón},
  title = {Elysia: programa de gestión de colecciones de biodiversidad (v.2.0)},
  year = {2019},
  publisher = {Digital.CSIC},
  doi = {10.20350/DIGITALCSIC/14520}
}

@software{plabel2020,
  title = {pLabel},
  year = {2020},
  version = {3.9c},
  note = {[Software]},
  url = {http://pfind.net/software/pLabel/index.html}
}

@software{entomolabels2022,
  title = {EntomoLabels},
  year = {2022},
  version = {v8.3.01},
  note = {[Software]},
  url = {https://labels.entomo.pl/}
}

@software{lichenlabler2025,
  title = {LichenLabler},
  year = {2025},
  version = {1.9.0.0},
  note = {[Software]},
  url = {https://lichenportal.org/}
}
COMPROBAR powerpoint:
@software{powerpoint2023,
  title = {Microsoft PowerPoint},
  year = {2023},
  version = {16.0},
  note = {[Software]},
  url = {https://www.microsoft.com/microsoft-365/powerpoint}
}


@article{herblabel,
  title={Principles behind designing herbarium specimen labels and the {R} package 'herblabel'},
  author={Vitt, Dale H and Horton, Diana G and Johnston, Peter},
  author={Zhang, Jinlong and Zhu, Huiling and Liu, Jingang and Fischer, Gunter A.},
  journal={Biodiversity Science},
  volume={24},
  number={12},
  pages={1345--1352},
  year={2016}
}




